@inproceedings{vaswani2017attention,
  title     = {Attention Is All You Need},
  author    = {Vaswani, Ashish and Shazeer, Noam and Parmar, Niki and Uszkoreit, Jakob and Jones, Llion and Gomez, Aidan N. and Kaiser, {\L}ukasz and Polosukhin, Illia},
  booktitle = {Advances in Neural Information Processing Systems (NeurIPS)},
  pages     = {5998--6008},
  year      = {2017}
}

@inproceedings{sennrich2016neural,
  title     = {Neural Machine Translation of Rare Words with Subword Units},
  author    = {Sennrich, Rico and Haddow, Barry and Birch, Alexandra},
  booktitle = {Proceedings of ACL},
  volume    = {1},
  pages     = {1715--1725},
  year      = {2016}
}

@inproceedings{kudo2018sentencepiece,
  title     = {SentencePiece: A simple and language independent subword tokenizer and detokenizer for Neural Text Processing},
  author    = {Kudo, Taku and Richardson, John},
  booktitle = {Proceedings of EMNLP: System Demonstrations},
  pages     = {66--71},
  year      = {2018}
}

@article{papineni2002bleu,
  title   = {BLEU: a Method for Automatic Evaluation of Machine Translation},
  author  = {Papineni, Kishore and Roukos, Salim and Ward, Todd and Zhu, Wei-Jing},
  journal = {Proceedings of ACL},
  pages   = {311--318},
  year    = {2002}
}

@inproceedings{lin2004rouge,
  title     = {ROUGE: A Package for Automatic Evaluation of Summaries},
  author    = {Lin, Chin-Yew},
  booktitle = {Text Summarization Branches Out (ACL Workshop)},
  year      = {2004}
}

@inproceedings{popovic2017chrfpp,
  title     = {chrF++: words helping character n-grams},
  author    = {Popovi{\'c}, Maja},
  booktitle = {Proceedings of the Second Conference on Machine Translation (WMT)},
  pages     = {612--618},
  year      = {2017}
}

@article{loshchilov2016sgdr,
  title   = {SGDR: Stochastic Gradient Descent with Warm Restarts},
  author  = {Loshchilov, Ilya and Hutter, Frank},
  journal = {arXiv preprint arXiv:1608.03983},
  year    = {2016}
}

@inproceedings{loshchilov2019decoupled,
  title     = {Decoupled Weight Decay Regularization},
  author    = {Loshchilov, Ilya and Hutter, Frank},
  booktitle = {International Conference on Learning Representations (ICLR)},
  year      = {2019}
}

@article{kingma2015adam,
  title   = {Adam: A Method for Stochastic Optimization},
  author  = {Kingma, Diederik P. and Ba, Jimmy},
  journal = {International Conference on Learning Representations (ICLR)},
  year    = {2015}
}

@misc{pytorchdocs,
  title        = {PyTorch Documentation},
  author       = {{PyTorch Team}},
  howpublished = {\url{https://pytorch.org/docs/stable}},
  year         = {2024}
}

@inproceedings{paszke2019pytorch,
  title     = {PyTorch: An Imperative Style, High-Performance Deep Learning Library},
  author    = {Paszke, Adam and Gross, Sam and Massa, Francisco and Lerer, Adam and Bradbury, James and Chanan, Gregory and Killeen, Trevor and Lin, Zeming and Gimelshein, Natalia and Antiga, Luca and et al.},
  booktitle = {Advances in Neural Information Processing Systems (NeurIPS)},
  year      = {2019}
}

@misc{wandb,
  title        = {Weights \& Biases},
  author       = {Biewald, Lukas},
  year         = {2020},
  howpublished = {\url{https://wandb.ai}}
}

@misc{indicnlp,
  title        = {Indic NLP Library},
  author       = {Kunchukuttan, Anoop},
  year         = {2020},
  howpublished = {\url{https://github.com/anoopkunchukuttan/indic_nlp_library}}
}

@misc{radford2019language,
  title        = {Language Models are Unsupervised Multitask Learners},
  author       = {Radford, Alec and Wu, Jeffrey and Child, Rewon and Luan, David and Amodei, Dario and Sutskever, Ilya},
  year         = {2019},
  howpublished = {OpenAI Technical Report}
}

@inproceedings{brown2020language,
  title     = {Language Models are Few-Shot Learners},
  author    = {Brown, Tom B. and Mann, Benjamin and Ryder, Nick et al.},
  booktitle = {Advances in Neural Information Processing Systems (NeurIPS)},
  year      = {2020}
}

@inproceedings{szegedy2016rethinking,
  title     = {Rethinking the Inception Architecture for Computer Vision},
  author    = {Szegedy, Christian and Vanhoucke, Vincent and Ioffe, Sergey and Shlens, Jon and Wojna, Zbigniew},
  booktitle = {Proceedings of CVPR},
  year      = {2016},
  note      = {Introduces label smoothing used widely in NMT}
}
